<record><leader>00000cas a22000007a 4500</leader><controlfield tag="001">14984250</controlfield><controlfield tag="008">861217d17941794pauwr ne      0    0eng d</controlfield><datafield ind1=" " ind2=" " tag="010"><subfield code="a">sn 86054029 </subfield></datafield><datafield ind1=" " ind2=" " tag="040"><subfield code="a">NPX</subfield><subfield code="b">eng</subfield><subfield code="c">NPX</subfield><subfield code="d">OCLCQ</subfield></datafield><datafield ind1=" " ind2=" " tag="042"><subfield code="a">msc</subfield></datafield><datafield ind1="0" ind2=" " tag="130"><subfield code="a">West-Chester gazette (West Chester, Pa.)</subfield></datafield><datafield ind1="1" ind2="4" tag="245"><subfield code="a">The West-Chester gazette.</subfield></datafield><datafield ind1="1" ind2="3" tag="246"><subfield code="a">W.C. gazette</subfield></datafield><datafield ind1=" " ind2=" " tag="260"><subfield code="a">West-Chester [Pa.] :</subfield><subfield code="b">Jones, Hoff &amp; Derrick,</subfield><subfield code="c">1794-</subfield></datafield><datafield ind1=" " ind2=" " tag="300"><subfield code="a">v.</subfield></datafield><datafield ind1=" " ind2=" " tag="310"><subfield code="a">Weekly</subfield></datafield><datafield ind1="0" ind2=" " tag="362"><subfield code="a">Vol. 1, no. 1 (Jan. 8, 1794)-</subfield></datafield><datafield ind1="1" ind2=" " tag="362"><subfield code="a">Ceased in 1794.</subfield><subfield code="z">Cf. Brigham, C.S. Amer. newspapers.</subfield></datafield><datafield ind1="4" ind2=" " tag="510"><subfield code="a">Evans</subfield><subfield code="c">28072</subfield></datafield><datafield ind1="4" ind2=" " tag="510"><subfield code="a">Brigham, C.S. Amer. newspapers,</subfield><subfield code="c">p. 983</subfield></datafield><datafield ind1="1" ind2=" " tag="700"><subfield code="a">Hoff, John.</subfield></datafield><datafield ind1="1" ind2=" " tag="700"><subfield code="a">Derrick, Philip.</subfield></datafield><datafield ind1=" " ind2=" " tag="752"><subfield code="a">United States</subfield><subfield code="b">Pennsylvania</subfield><subfield code="c">Chester</subfield><subfield code="d">West Chester.</subfield></datafield><datafield ind1="1" ind2=" " tag="029"><subfield code="a">AU@</subfield><subfield code="b">000025799324</subfield></datafield></record>